@article{twinanda2015data,
  title={Data-driven spatio-temporal RGBD feature encoding for action recognition in operating rooms},
  author={Twinanda, Andru P and Alkan, Emre O and Gangi, Afshin and de Mathelin, Michel and Padoy, Nicolas},
  journal={International journal of computer assisted radiology and surgery},
  pages={1--11},
  year={2015},
  publisher={Springer Berlin Heidelberg}
}